<?xml version="1.0" encoding="UTF-8"?><collection xmlns="http://www.loc.gov/MARC21/slim"><record><leader>00479nam--2200145-i-4500</leader><controlfield tag="001">000019369</controlfield><controlfield tag="002">20161230</controlfield><controlfield tag="005">20161230201033</controlfield><controlfield tag="008">060222s1000------------r-----000-0-eng-d</controlfield><datafield ind1=" " ind2=" " tag="080"><subfield code="a">5(091):54</subfield></datafield><datafield ind1=" " ind2=" " tag="100"><subfield code="a">Enkvist, Terje</subfield></datafield><datafield ind1=" " ind2=" " tag="245"><subfield code="a">The history of chemistry in finland, 1828-1918 with chapters on the political, economic and industrial background</subfield></datafield><datafield ind1=" " ind2=" " tag="260"><subfield code="a">Helsinki, Tilgmann, 1972. 161 P</subfield></datafield><datafield ind1=" " ind2=" " tag="490"><subfield code="a">The History Of Learning And Science In Finland 1828-1918</subfield></datafield><datafield ind1=" " ind2=" " tag="852"><subfield code="a">37614</subfield></datafield></record></collection>